<record><leader>00000cas a22000007a 4500</leader><controlfield tag="001">11617195</controlfield><controlfield tag="008">850125d19uu198uwauwr n       0   z0korrd</controlfield><datafield ind1=" " ind2=" " tag="010"><subfield code="a">sn 85009532 </subfield></datafield><datafield ind1=" " ind2=" " tag="040"><subfield code="a">NSD</subfield><subfield code="b">eng</subfield><subfield code="c">NSD</subfield><subfield code="d">OCLCQ</subfield></datafield><datafield ind1=" " ind2=" " tag="012"><subfield code="j">0</subfield><subfield code="m">d</subfield></datafield><datafield ind1="1" ind2=" " tag="022"><subfield code="a">8750-6564</subfield><subfield code="l">8750-6564</subfield><subfield code="2">1</subfield></datafield><datafield ind1=" " ind2=" " tag="037"><subfield code="b">Korea Times Seattle Bureau, 1121 Dexter Ave. North, Seattle, WA 98109</subfield></datafield><datafield ind1=" " ind2=" " tag="042"><subfield code="a">nsdp</subfield></datafield><datafield ind1=" " ind2="0" tag="222"><subfield code="a">Han'guk ilbo, Siaet'u&#774;l</subfield></datafield><datafield ind1="0" ind2="0" tag="245"><subfield code="a">Han'guk ilbo, Siaet'u&#774;l =</subfield><subfield code="b">The Korea times Seattle edition.</subfield></datafield><datafield ind1="3" ind2="1" tag="246"><subfield code="a">Korea times Seattle edition</subfield></datafield><datafield ind1="3" ind2="0" tag="246"><subfield code="a">Han'guk ilbo</subfield></datafield><datafield ind1="3" ind2="0" tag="246"><subfield code="a">Korea times</subfield></datafield><datafield ind1=" " ind2=" " tag="260"><subfield code="a">Seattle, Wash. :</subfield><subfield code="b">Korea Times Seattle Bureau</subfield></datafield><datafield ind1=" " ind2=" " tag="310"><subfield code="a">Weekly</subfield></datafield><datafield ind1=" " ind2=" " tag="580"><subfield code="a">Issued with a reprint edition of the Korean original daily: Han'guk ilbo.</subfield></datafield><datafield ind1=" " ind2=" " tag="588"><subfield code="a">Description based on: Che 222-ho (1984-yo&#774;n 11-wo&#774;l 14-il).</subfield></datafield><datafield ind1=" " ind2=" " tag="752"><subfield code="a">United States</subfield><subfield code="b">Washington</subfield><subfield code="c">King</subfield><subfield code="d">Seattle.</subfield></datafield><datafield ind1="0" ind2="0" tag="785"><subfield code="t">Han'guk ilbo, Sob&#774;ungmi</subfield><subfield code="x">0888-2290</subfield><subfield code="w">(DLC)sn 86013937</subfield></datafield><datafield ind1="1" ind2=" " tag="787"><subfield code="t">Han'guk ilbo</subfield><subfield code="w">(OCoLC)8735498</subfield></datafield></record>